@Misc{std:VODML,
  author =       {Gerard Lemson and Omar Laurino and Laurent Bourges and Mark Cresitello-Dittmar and Markus Demleitner and Tom Donaldson and Patrick Dowler and Matthew Graham and Norman Gray and Laurent Michel and Jesus Salgado},
  title =        {{VODML: a consistent modeling language for IVOA data models, Version 1.0}},
  howpublished = {{IVOA Recommendation}},
  year =         {2018},
  url =          {http://www.ivoa.net/documents/VODML/index.html}
}
@ARTICLE{WCSpaperII,
  author =       {Calabretta, M. R. and Greisen, E. W.},
  title =        {{Representations of celestial coordinates in FITS}},
  howpublished = {{Astronomy and Astrophysics}},
  year =         {2002},
  month =        Dec,
  volume =       395,
  pages =        {1077-1122},
  doi =          {10.1051/0004-6361:20021327},
  adsurl =       {http://adsabs.harvard.edu/abs/2002A&A...395.1077C},
}
@ARTICLE{WCSpaperIII,
  author =       {Greisen, E. W. and Calabretta, M. R. and Valdes, F. G. and Allen, S. L.},
  title =        {{Representations of spectral coordinates in FITS}},
  howpublished = {{Astronomy and Astrophysics}},
  year =         {2006},
  month =        Feb,
  volume =       446,
  pages =        {747-771},
  doi =          {10.1051/0004-6361:20053818},
  adsurl =       {http://adsabs.harvard.edu/abs/2006A&A...446..747G},
}
@ARTICLE{soft:AST,
  author =       {Berry, David S. and Warren-Smith, Rodney F. and Jenness, Tim},
  title =        {{AST: A library for modelling and manipulating coordinate systems}},
  howpublished = {{Astronomy and Computing}},
  year =         {2016},
  month =        Apr,
  volume =       15,
  pages =        {33-49},
  doi =          {10.1016/j.ascom.2016.02.003},
  adsurl =       {http://adsabs.harvard.edu/abs/2016A&C....15...33B},
}
@inproceedings{soft:GWCS,
  author  = {{Dencheva}, N. and {Greenfield}, P. and {Droettboom}, M.},
   title  = {{GWCS: A Library for Managing World Coordinate Systems}},
booktitle = {Astronomical Data Analysis Software and Systems (ADASS) XXV},
     year = 2017,
    month = dec,
   series = {Astronomical Society of the Pacific Conference Series},
   volume = 512,
    pages = {609},
   adsurl = {http://adsabs.harvard.edu/abs/2017ASPC..512..609D},
}
@MISC{soft:WCSLIB,
  author       = {{Calabretta}, M. R.},
   title       = {{WCSLib and PGSBox}},
  howpublished = {{Astrophysics Source Code Library}},
     year      = 2011,
    month      = Aug,
   adsurl      = {http://adsabs.harvard.edu/abs/2011ascl.soft08003C},
}
